<record><leader>00000cas a22000007a 4500</leader><controlfield tag="001">1536992</controlfield><controlfield tag="008">750812d188u1946mnuwr ne      0    0eng d</controlfield><datafield ind1=" " ind2=" " tag="010"><subfield code="a">sn 91059144 </subfield></datafield><datafield ind1=" " ind2=" " tag="040"><subfield code="a">MUL</subfield><subfield code="b">eng</subfield><subfield code="c">MUL</subfield><subfield code="d">OCL</subfield><subfield code="d">MN#</subfield><subfield code="d">OCLCQ</subfield><subfield code="d">OCLCF</subfield><subfield code="d">OCLCO</subfield></datafield><datafield ind1=" " ind2=" " tag="042"><subfield code="a">msc</subfield></datafield><datafield ind1=" " ind2=" " tag="043"><subfield code="a">n-us-mn</subfield></datafield><datafield ind1=" " ind2=" " tag="052"><subfield code="a">4144</subfield><subfield code="b">B7</subfield></datafield><datafield ind1=" " ind2=" " tag="052"><subfield code="a">4143</subfield><subfield code="b">C8</subfield></datafield><datafield ind1="0" ind2=" " tag="130"><subfield code="a">Brainerd tribune (Brainerd, Minn. : 1887)</subfield></datafield><datafield ind1="1" ind2="4" tag="245"><subfield code="a">The Brainerd tribune.</subfield></datafield><datafield ind1=" " ind2=" " tag="260"><subfield code="a">Brainerd, Minn. :</subfield><subfield code="b">Halsted &amp; Pennell,</subfield><subfield code="c">-1946.</subfield></datafield><datafield ind1=" " ind2=" " tag="300"><subfield code="a">v.</subfield></datafield><datafield ind1=" " ind2=" " tag="310"><subfield code="a">Weekly</subfield></datafield><datafield ind1="0" ind2=" " tag="362"><subfield code="a">-v. 75, no. 21 (July 18, 1946).</subfield></datafield><datafield ind1=" " ind2=" " tag="515"><subfield code="a">Issues for &lt;Mar. 5, 1887&gt;-Dec. 10, 1887, called also: New ser., vol. 4, no. 47-v. 5, no. 35 = whole no. 724-764.</subfield></datafield><datafield ind1=" " ind2=" " tag="530"><subfield code="a">Available on microfilm from the Minnesota Historical Society.</subfield></datafield><datafield ind1=" " ind2=" " tag="588"><subfield code="a">Description based on: Old ser., v. 13, no. 48 (Mar. 5, 1887).</subfield></datafield><datafield ind1=" " ind2="0" tag="651"><subfield code="a">Brainerd (Minn.)</subfield><subfield code="v">Newspapers.</subfield></datafield><datafield ind1=" " ind2="7" tag="655"><subfield code="a">Newspapers.</subfield><subfield code="2">fast</subfield><subfield code="0">(OCoLC)fst01423814</subfield></datafield><datafield ind1=" " ind2="7" tag="651"><subfield code="a">Minnesota</subfield><subfield code="z">Brainerd.</subfield><subfield code="2">fast</subfield><subfield code="0">(OCoLC)fst01220166</subfield></datafield><datafield ind1=" " ind2=" " tag="752"><subfield code="a">United States</subfield><subfield code="b">Minnesota</subfield><subfield code="c">Crow Wing</subfield><subfield code="d">Brainerd.</subfield></datafield><datafield ind1="0" ind2="0" tag="780"><subfield code="t">Northwestern tribune</subfield></datafield><datafield ind1="0" ind2="4" tag="785"><subfield code="t">Brainerd journal press</subfield><subfield code="w">(DLC)sn 91059142</subfield></datafield></record>